
@Misc{ Artho03,
	author = "C. Artho and K. Havelund and A. Biere",
	title = "High-Level Data Races",
	text = "C. Artho, K. Havelund, and A. Biere. High-Level Data Races. In VVEIS'03, The First International Workshop on Verification and Validation of Enterprise Information Systems, April 2003. Angers, France.",
	year = "2003",
	url = "citeseer.ist.psu.edu/artho03highlevel.html"
}

@InProceedings{ Artho04,
	author = "Cyrille Artho and Klaus Havelund and Armin Biere",
	title = "Using Block-Local Atomicity to Detect Stale-Value Concurrency Errors",
	booktitle = "ATVA",
	year = "2004",
	pages = "150--164",
	crossref = "DBLP:conf/atva/2004",
	bibsource = "DBLP, http://dblp.uni-trier.de",
	ee = "http://springerlink.metapress.com/openurl.asp?genre=article{\&}issn=0302-9743{\&}volume=3299{\&}spage=150"
}

@Article{ Beckman08,
	title = "Verifying Correct Usage of Atomic Blocks and Typestate",
	author = "Nels E. Beckman and Kevin Bierhoff and Jonathan Aldrich",
	publisher = "ACM",
	address = "New York, NY, USA",
	journal = "SIGPLAN Not.",
	pages = "227--244",
	volume = "43",
	number = "10",
	year = "2008",
	issn = "0362-1340",
	doi = "http://doi.acm.org/10.1145/1449955.1449783"
}

@InProceedings{ Flanagan04,
	author = "Cormac Flanagan and Stephen N Freund",
	title = "Atomizer: a dynamic atomicity checker for multithreaded programs",
	booktitle = "POPL '04: Proceedings of the 31st ACM SIGPLAN-SIGACT symposium on Principles of programming languages",
	year = "2004",
	isbn = "1-58113-729-X",
	pages = "256--267",
	location = "Venice, Italy",
	doi = "http://doi.acm.org/10.1145/964001.964023",
	publisher = "ACM",
	address = "New York, NY, USA"
}

@Misc{ IBM-Rep,
	title = "{IBM's Concurrency Testing Repository}"
}

@InProceedings{ Praun03,
	author = "Christoph {von Praun} and Thomas R. Gross",
	title = "Static Detection of Atomicity Violations in Object-Oriented Programs",
	booktitle = "Journal of Object Technology",
	year = "2003",
	pages = "2004"
}

@InProceedings{ Shavit95,
	author = "Nir Shavit and Dan Touitou",
	title = "Software transactional memory",
	booktitle = "PODC '95: Proceedings of the fourteenth annual ACM symposium on Principles of distributed computing",
	year = "1995",
	isbn = "0-89791-710-3",
	pages = "204--213",
	location = "Ottowa, Ontario, Canada",
	doi = "http://doi.acm.org/10.1145/224964.224987",
	publisher = "ACM",
	address = "New York, NY, USA"
}

@Book{ Silberschatz06,
	author = "Abraham Silberschatz and Henry F. Korth and S. Sudarshan",
	title = "Database System Concepts",
	publisher = "McGraw-Hill",
	year = "2006",
	edition = "Fifth",
	isbn = "007-124476-X"
}

@Book{ Moss85,
	author = "J. Eliot B. Moss",
	title = "Nested transactions: an approach to reliable distributed computing",
	year = "1985",
	isbn = "0-262-13200-1",
	publisher = "Massachusetts Institute of Technology",
	address = "Cambridge, MA, USA"
}

@Proceedings{ DBLP:conf/atva/2004,
	editor = "Farn Wang",
	title = "Automated Technology for Verification and Analysis: Second International Conference, ATVA 2004, Taipei, Taiwan, ROC, October 31-November 3, 2004. Proceedings",
	booktitle = "ATVA",
	publisher = "Springer",
	series = "Lecture Notes in Computer Science",
	volume = "3299",
	year = "2004",
	isbn = "3-540-23610-4",
	bibsource = "DBLP, http://dblp.uni-trier.de"
}

@Misc{ Artho03,
	author = "C. Artho and K. Havelund and A. Biere",
	title = "High-Level Data Races",
	text = "C. Artho, K. Havelund, and A. Biere. High-Level Data Races. In VVEIS'03, The First International Workshop on Verification and Validation of Enterprise Information Systems, April 2003. Angers, France.",
	year = "2003",
	url = "citeseer.ist.psu.edu/artho03highlevel.html"
}



@article{dynamo,
 author = {DeCandia, Giuseppe and Hastorun, Deniz and Jampani, Madan and Kakulapati, Gunavardhan and Lakshman, Avinash and Pilchin, Alex and Sivasubramanian, Swaminathan and Vosshall, Peter and Vogels, Werner},
 title = {Dynamo: Amazon's Highly Available Key-value Store},
 journal = {SIGOPS Oper. Syst. Rev.},
 issue_date = {December 2007},
 volume = {41},
 number = {6},
 month = oct,
 year = {2007},
 issn = {0163-5980},
 pages = {205--220},
 numpages = {16},
 url = {http://doi.acm.org/10.1145/1323293.1294281},
 doi = {10.1145/1323293.1294281},
 acmid = {1294281},
 publisher = {ACM},
 address = {New York, NY, USA},
 keywords = {performance, reliability, scalability},
}

@article{cap,
 author = {Gilbert, Seth and Lynch, Nancy},
 title = {Brewer's Conjecture and the Feasibility of Consistent, Available, Partition-tolerant Web Services},
 journal = {SIGACT News},
 issue_date = {June 2002},
 volume = {33},
 number = {2},
 month = jun,
 year = {2002},
 issn = {0163-5700},
 pages = {51--59},
 numpages = {9},
 url = {http://doi.acm.org/10.1145/564585.564601},
 doi = {10.1145/564585.564601},
 acmid = {564601},
 publisher = {ACM},
 address = {New York, NY, USA},
} 

@INPROCEEDINGS{data_replication_p2p, 
author={Paiva, J. and Rodrigues, L.}, 
booktitle={Parallel and Distributed Systems (ICPADS), 2013 International Conference on}, 
title={Policies for Efficient Data Replication in P2P Systems}, 
year={2013}, 
pages={404-411}, 
keywords={data handling;peer-to-peer computing;counter-intuitive approach;data replication policies;data transfer costs;large scale P2P systems;load unbalance costs;monitoring costs;replicated data;Data transfer;Load management;Measurement;Monitoring;Peer-to-peer computing;Reliability;Servers;Bandwidth;Data replication;Fault-tolerance;Group-based DHTs;Load balancing;P2P}, 
doi={10.1109/ICPADS.2013.63}, 
ISSN={1521-9097}, 
month={Dec},}

@techreport{crdt,
  TITLE = {{A comprehensive study of Convergent and Commutative Replicated Data Types}},
  AUTHOR = {Shapiro, Marc and Pregui{\c c}a, Nuno and Baquero, Carlos and Zawirski, Marek},
  URL = {https://hal.inria.fr/inria-00555588},
  TYPE = {Research Report},
  NUMBER = {RR-7506},
  PAGES = {50},
  INSTITUTION = {{Inria -- Centre Paris-Rocquencourt ; INRIA}},
  YEAR = {2011},
  MONTH = Jan,
  KEYWORDS = {eventual consistency ; optimistic replication ; replicated data types ; distributed algorithms ; distributed systems ; Data replication ; commutative operations},
  PDF = {https://hal.inria.fr/inria-00555588/file/techreport.pdf},
  HAL_ID = {inria-00555588},
  HAL_VERSION = {v1},
}

@book{redis,
 author = {Carlson, Josiah L.},
 title = {Redis in Action},
 year = {2013},
 isbn = {1617290858, 9781617290855},
 publisher = {Manning Publications Co.},
 address = {Greenwich, CT, USA},
} 

@article{distributed_caching,
title = "Distributed caching with centralized control ",
journal = "Computer Communications ",
volume = "24",
number = "2",
pages = "256 - 268",
year = "2001",
note = "",
issn = "0140-3664",
doi = "http://dx.doi.org/10.1016/S0140-3664(00)00322-4",
url = "http://www.sciencedirect.com/science/article/pii/S0140366400003224",
author = "S Paul and Z Fei",
keywords = "Centralized control",
keywords = "Hit ratio",
keywords = "Traffic on backbone",
keywords = "Distributed caching "
}

@online{site_memcached,
	title = {{Memcached} About},
	url = {http://memcached.org/about},
	note = {Accessed: 2016-01-26}
}

@article{cassandra,
 author = {Lakshman, Avinash and Malik, Prashant},
 title = {Cassandra: A Decentralized Structured Storage System},
 journal = {SIGOPS Oper. Syst. Rev.},
 issue_date = {April 2010},
 volume = {44},
 number = {2},
 month = apr,
 year = {2010},
 issn = {0163-5980},
 pages = {35--40},
 numpages = {6},
 url = {http://doi.acm.org/10.1145/1773912.1773922},
 doi = {10.1145/1773912.1773922},
 acmid = {1773922},
 publisher = {ACM},
 address = {New York, NY, USA},
} 

@INPROCEEDINGS{accrual, 
author={Hayashibara, N. and Defago, X. and Yared, R. and Katayama, T.}, 
booktitle={Reliable Distributed Systems, 2004. Proceedings of the 23rd IEEE International Symposium on}, 
title={The phi; accrual failure detector}, 
year={2004}, 
pages={66-78}, 
keywords={data communication;distributed processing;fault diagnosis;fault tolerant computing;system recovery;Ï† accrual failure detector;adaptive mechanism;application requirements;continuous information provision;distributed systems;failure detection;fault tolerance;intercontinental communication link;monitoring;suspicion level;Computer crashes;Condition monitoring;Detectors;Event detection;Failure analysis;Fault detection;Fault tolerant systems;H infinity control;Information science;Quality of service}, 
doi={10.1109/RELDIS.2004.1353004}, 
ISSN={1060-9857}, 
month={Oct},}

@inproceedings{riak_core,
 author = {Klophaus, Rusty},
 title = {Riak Core: Building Distributed Applications Without Shared State},
 booktitle = {ACM SIGPLAN Commercial Users of Functional Programming},
 series = {CUFP '10},
 year = {2010},
 isbn = {978-1-4503-0516-7},
 location = {Baltimore, Maryland},
 pages = {14:1--14:1},
 articleno = {14},
 numpages = {1},
 url = {http://doi.acm.org/10.1145/1900160.1900176},
 doi = {10.1145/1900160.1900176},
 acmid = {1900176},
 publisher = {ACM},
 address = {New York, NY, USA},
}

@online{site_antidote,
	title = {{Antidote} README},
	url = {https://github.com/SyncFree/antidote},
	note = {Accessed: 2016-02-01}
}

@misc{p2p_computing,
  title={Peer-to-peer computing},
  author={Milojicic, Dejan S and Kalogeraki, Vana and Lukose, Rajan and Nagaraja, Kiran and Pruyne, Jim and Richard, Bruno and Rollins, Sami and Xu, Zhichen},
  year={2002},
  publisher={Technical Report HPL-2002-57, HP Labs}
}

@online{site_webrtc_signaling,
	title = {{WebRTC in the real world:} STUN, TURN and signaling},
	url = {http://www.html5rocks.com/en/tutorials/webrtc/infrastructure/},
	note = {Accessed: 2016-02-08}
}

@article{bigtable,
  title={Bigtable: A distributed storage system for structured data},
  author={Chang, Fay and Dean, Jeffrey and Ghemawat, Sanjay and Hsieh, Wilson C and Wallach, Deborah A and Burrows, Mike and Chandra, Tushar and Fikes, Andrew and Gruber, Robert E},
  journal={ACM Transactions on Computer Systems (TOCS)},
  volume={26},
  number={2},
  pages={4},
  year={2008},
  publisher={ACM}
}

@article{relational_model,
 author = {Codd, E. F.},
 title = {A Relational Model of Data for Large Shared Data Banks},
 journal = {Commun. ACM},
 issue_date = {June 1970},
 volume = {13},
 number = {6},
 month = jun,
 year = {1970},
 issn = {0001-0782},
 pages = {377--387},
 numpages = {11},
 url = {http://doi.acm.org/10.1145/362384.362685},
 doi = {10.1145/362384.362685},
 acmid = {362685},
 publisher = {ACM},
 address = {New York, NY, USA},
 keywords = {composition, consistency, data bank, data base, data integrity, data organization, data structure, derivability, hierarchies of data, join, networks of data, predicate calculus, redundancy, relations, retrieval language, security},
}

@article{webrtc,
  title={A. Narayanan," WebRTC 1.0: Real-time Communication Between Browsers},
  author={Bergkvist, Adam and Burnett, D and Jennings, Cullen},
  journal={World Wide Web Consortium WD WD-webrtc-20120821},
  year={2012}
}

@inproceedings{chainreaction,
  title={ChainReaction: a causal+ consistent datastore based on chain replication},
  author={Almeida, S{\'e}rgio and Leit{\~a}o, Jo{\~a}o and Rodrigues, Lu{\'\i}s},
  booktitle={Proceedings of the 8th ACM European Conference on Computer Systems},
  pages={85--98},
  year={2013},
  organization={ACM}
}

@article{lamport_time,
  title={Time, clocks, and the ordering of events in a distributed system},
  author={Lamport, Leslie},
  journal={Communications of the ACM},
  volume={21},
  number={7},
  pages={558--565},
  year={1978},
  publisher={ACM}
}

@inproceedings{consistent_hashing,
  title={Consistent hashing and random trees: Distributed caching protocols for relieving hot spots on the World Wide Web},
  author={Karger, David and Lehman, Eric and Leighton, Tom and Panigrahy, Rina and Levine, Matthew and Lewin, Daniel},
  booktitle={Proceedings of the twenty-ninth annual ACM symposium on Theory of computing},
  pages={654--663},
  year={1997},
  organization={ACM}
}

@article{state_machine_replication,
  title={Replication management using the state-machine approach, Distributed Systems},
  author={Schenider, F},
  journal={Ed. Sape Mullender,},
  pages={169--198},
  year={1993}
}

@incollection{atomic_broadcast,
  title={Exploiting atomic broadcast in replicated databases},
  author={Agrawal, Divyakant and Alonso, Gustavo and El Abbadi, Amr and Stanoi, Ioana},
  booktitle={Euro-Par'97 Parallel Processing},
  pages={496--503},
  year={1997},
  publisher={Springer}
}

@techreport{quorum_commit,
  title={A quorum-based commit protocol},
  author={Skeen, Dale},
  year={1982},
  institution={Cornell University}
}

@article{snapshot_integrity,
 author = {Lin, Yi and Kemme, Bettina and Jim{\'e}nez-Peris, Ricardo and Pati\~{n}o-Mart\'{\i}nez, Marta and Armend\'{a}riz-I\~{n}igo, Jos{\'e} Enrique},
 title = {Snapshot Isolation and Integrity Constraints in Replicated Databases},
 journal = {ACM Trans. Database Syst.},
 issue_date = {June 2009},
 volume = {34},
 number = {2},
 month = jul,
 year = {2009},
 issn = {0362-5915},
 pages = {11:1--11:49},
 articleno = {11},
 numpages = {49},
 url = {http://doi.acm.org/10.1145/1538909.1538913},
 doi = {10.1145/1538909.1538913},
 acmid = {1538913},
 publisher = {ACM},
 address = {New York, NY, USA},
 keywords = {Replication, integrity constraints, snapshot isolation},
}

@article{eventual,
 author = {Bailis, Peter and Ghodsi, Ali},
 title = {Eventual Consistency Today: Limitations, Extensions, and Beyond},
 journal = {Commun. ACM},
 issue_date = {May 2013},
 volume = {56},
 number = {5},
 month = may,
 year = {2013},
 issn = {0001-0782},
 pages = {55--63},
 numpages = {9},
 url = {http://doi.acm.org/10.1145/2447976.2447992},
 doi = {10.1145/2447976.2447992},
 acmid = {2447992},
 publisher = {ACM},
 address = {New York, NY, USA},
}

@inproceedings{merkle,
  title={Merkle tree traversal in log space and time},
  author={Szydlo, Michael},
  booktitle={Advances in Cryptology-EUROCRYPT 2004},
  pages={541--554},
  year={2004},
  organization={Springer}
}

@inproceedings{zookeeper,
  title={ZooKeeper: Wait-free Coordination for Internet-scale Systems.},
  author={Hunt, Patrick and Konar, Mahadev and Junqueira, Flavio Paiva and Reed, Benjamin},
  booktitle={USENIX Annual Technical Conference},
  volume={8},
  pages={9},
  year={2010}
}

@book{distributed,
  title={Distributed systems: concepts and design},
  author={Coulouris, George F and Dollimore, Jean and Kindberg, Tim},
  year={2005},
  publisher={pearson education}
}

@article{xml,
  title={Extensible markup language (XML)},
  author={Bray, Tim and Paoli, Jean and Sperberg-McQueen, C Michael and Maler, Eve and Yergeau, Fran{\c{c}}ois},
  journal={World Wide Web Consortium Recommendation REC-xml-19980210. http://www. w3. org/TR/1998/REC-xml-19980210},
  volume={16},
  pages={16},
  year={1998}
}

@inproceedings{serialization,
  title={A comparison of data serialization formats for optimal efficiency on a mobile platform},
  author={Sumaray, Audie and Makki, S Kami},
  booktitle={Proceedings of the 6th international conference on ubiquitous information management and communication},
  pages={48},
  year={2012},
  organization={ACM}
}

@article{json,
  title={The javascript object notation (json) data interchange format},
  author={Bray, Tim},
  year={2014}
}

@online{protocol_buffers,
	title = {{Protocol buffers:} Google's data interchange format},
	url = {https://developers.google.com/protocol-buffers/docs/overview},
	note = {Accessed: 2016-08-19}
}